<?xml version="1.0" encoding="UTF-8"?><record xmlns="http://www.loc.gov/MARC21/slim" xmlns:cinclude="http://apache.org/cocoon/include/1.0" xmlns:zs="http://www.loc.gov/zing/srw/">
  <leader>00331nz  a2200121n  4500</leader>
  <controlfield tag="001">n 2009048336</controlfield>
  <controlfield tag="003">DLC</controlfield>
  <controlfield tag="005">20090804075002.0</controlfield>
  <controlfield tag="008">090803n| acannaabn          |n aaa      </controlfield>
  <datafield tag="010" ind1=" " ind2=" ">
    <subfield code="a">n 2009048336</subfield>
  </datafield>
  <datafield tag="040" ind1=" " ind2=" ">
    <subfield code="a">DLC</subfield>
    <subfield code="b">eng</subfield>
    <subfield code="c">DLC</subfield>
  </datafield>
  <datafield tag="100" ind1="1" ind2=" ">
    <subfield code="a">Porcu, Giovanni</subfield>
  </datafield>
  <datafield tag="670" ind1=" " ind2=" ">
    <subfield code="a">Porcu, Giovanni. Settimana santa in Sardegna, 2008:</subfield>
    <subfield code="b">t.p. (Giovanni Porcu)</subfield>
  </datafield>
</record>